<record><leader>00000cas a2200000 a 4500</leader><controlfield tag="001">6639433</controlfield><controlfield tag="008">800820d18281833nyuwr ne      0   a0eng c</controlfield><datafield ind1=" " ind2=" " tag="010"><subfield code="a">sn 91063067 </subfield></datafield><datafield ind1=" " ind2=" " tag="040"><subfield code="a">BTI</subfield><subfield code="b">eng</subfield><subfield code="c">BTI</subfield><subfield code="d">BTI</subfield><subfield code="d">NYG</subfield><subfield code="d">MSJ</subfield><subfield code="d">NVH</subfield><subfield code="d">KNP</subfield><subfield code="d">NYS</subfield><subfield code="d">CNK</subfield><subfield code="d">MGN</subfield><subfield code="d">CNW</subfield><subfield code="d">TGN</subfield><subfield code="d">OCL</subfield><subfield code="d">ATL</subfield><subfield code="d">GUA</subfield><subfield code="d">KRTAS</subfield><subfield code="d">DLC</subfield><subfield code="d">OCLCQ</subfield><subfield code="d">OCLCF</subfield><subfield code="d">OCLCO</subfield></datafield><datafield ind1=" " ind2=" " tag="012"><subfield code="l">1</subfield></datafield><datafield ind1="0" ind2=" " tag="022"><subfield code="a">2157-5673</subfield><subfield code="2">1</subfield></datafield><datafield ind1="1" ind2=" " tag="029"><subfield code="a">AU@</subfield><subfield code="b">000020124629</subfield></datafield><datafield ind1=" " ind2=" " tag="042"><subfield code="a">pcc</subfield><subfield code="a">nsdp</subfield></datafield><datafield ind1=" " ind2=" " tag="043"><subfield code="a">n-us-ny</subfield></datafield><datafield ind1="1" ind2="0" tag="050"><subfield code="a">ISSN RECORD</subfield></datafield><datafield ind1="1" ind2="4" tag="050"><subfield code="a">BX8201</subfield></datafield><datafield ind1="1" ind2="0" tag="082"><subfield code="a">287</subfield><subfield code="2">14</subfield></datafield><datafield ind1=" " ind2="0" tag="222"><subfield code="a">Christian advocate and journal and Zion's herald</subfield></datafield><datafield ind1="0" ind2="0" tag="245"><subfield code="a">Christian advocate and journal and Zion's herald.</subfield></datafield><datafield ind1="1" ind2="3" tag="246"><subfield code="a">Christian advocate and journal</subfield></datafield><datafield ind1="1" ind2="3" tag="246"><subfield code="a">Zion's herald</subfield></datafield><datafield ind1="1" ind2="3" tag="246"><subfield code="a">Advocate and journal and Zion's herald</subfield></datafield><datafield ind1=" " ind2=" " tag="260"><subfield code="a">New York [N.Y.] :</subfield><subfield code="b">J. Emory and B. Waugh for the Methodist Episcopal Church,</subfield><subfield code="c">1828-1833.</subfield></datafield><datafield ind1=" " ind2=" " tag="300"><subfield code="a">5 v.</subfield></datafield><datafield ind1=" " ind2=" " tag="310"><subfield code="a">Weekly</subfield></datafield><datafield ind1="0" ind2=" " tag="362"><subfield code="a">Vol. 3, no. 1 (Sept. 5, 1828)-v. 7, no. 52 (Aug. 23, 1833) = whole no. 105-whole no. 364.</subfield></datafield><datafield ind1=" " ind2=" " tag="515"><subfield code="a">Numbering continues from Christian advocate and journal.</subfield></datafield><datafield ind1=" " ind2=" " tag="530"><subfield code="a">Also issued on microfilm by American Theological Library Association; also issued online.</subfield></datafield><datafield ind1=" " ind2=" " tag="580"><subfield code="a">Formed by the merger of: Christian advocate and journal (New York, N.Y. : 1827), and: Zion's herald (Boston, Mass. : 1823).</subfield></datafield><datafield ind1=" " ind2="0" tag="650"><subfield code="a">Methodist Church</subfield><subfield code="z">United States</subfield><subfield code="v">Newspapers.</subfield></datafield><datafield ind1="2" ind2="0" tag="610"><subfield code="a">Methodist Episcopal Church</subfield><subfield code="z">New York (State)</subfield><subfield code="z">New York</subfield><subfield code="v">Newspapers.</subfield></datafield><datafield ind1=" " ind2="0" tag="651"><subfield code="a">New York (N.Y.)</subfield><subfield code="v">Newspapers.</subfield></datafield><datafield ind1=" " ind2="7" tag="655"><subfield code="a">Newspapers.</subfield><subfield code="2">fast</subfield><subfield code="0">(OCoLC)fst01423814</subfield></datafield><datafield ind1="2" ind2="7" tag="610"><subfield code="a">Methodist Episcopal Church.</subfield><subfield code="2">fast</subfield><subfield code="0">(OCoLC)fst00541689</subfield></datafield><datafield ind1=" " ind2="7" tag="650"><subfield code="a">Methodist Church.</subfield><subfield code="2">fast</subfield><subfield code="0">(OCoLC)fst01018643</subfield></datafield><datafield ind1=" " ind2="7" tag="651"><subfield code="a">New York (State)</subfield><subfield code="z">New York.</subfield><subfield code="2">fast</subfield><subfield code="0">(OCoLC)fst01204333</subfield></datafield><datafield ind1=" " ind2="7" tag="651"><subfield code="a">United States.</subfield><subfield code="2">fast</subfield><subfield code="0">(OCoLC)fst01204155</subfield></datafield><datafield ind1=" " ind2=" " tag="752"><subfield code="a">United States</subfield><subfield code="b">New York</subfield><subfield code="c">New York</subfield><subfield code="d">New York.</subfield></datafield><datafield ind1="1" ind2=" " tag="776"><subfield code="c">Microfilm</subfield><subfield code="d">American Theological Library Association</subfield><subfield code="w">(DLC)   00221080</subfield><subfield code="w">(OCoLC)8881883</subfield></datafield><datafield ind1="1" ind2=" " tag="776"><subfield code="t">Christian advocate and journal, and Zion's herald</subfield><subfield code="w">(DLC)sf 89091155</subfield><subfield code="w">(OCoLC)10317853</subfield></datafield><datafield ind1="1" ind2=" " tag="776"><subfield code="t">Christian advocate and journal, and Zion's herald (Online)</subfield><subfield code="w">(DLC)  2007233805</subfield><subfield code="w">(OCoLC)70842358</subfield></datafield><datafield ind1="1" ind2="4" tag="780"><subfield code="t">Christian advocate and journal (New York, N.Y. : 1827)</subfield><subfield code="x">2157-5479</subfield><subfield code="w">(DLC)   00221079</subfield><subfield code="w">(OCoLC)6663698</subfield></datafield><datafield ind1="1" ind2="4" tag="780"><subfield code="t">Zion's herald (Boston, Mass. : 1823)</subfield><subfield code="w">(DLC)sn 91063068</subfield><subfield code="w">(OCoLC)6639390</subfield></datafield><datafield ind1="0" ind2="5" tag="780"><subfield code="t">Holston messenger</subfield><subfield code="g">1829</subfield><subfield code="w">(OCoLC)2499086</subfield></datafield><datafield ind1="0" ind2="1" tag="785"><subfield code="t">Christian advocate and journal (New York, N.Y. : 1833)</subfield><subfield code="x">2157-5509</subfield><subfield code="w">(DLC)sn 93063542</subfield><subfield code="w">(OCoLC)6663731</subfield></datafield><datafield ind1="0" ind2="1" tag="785"><subfield code="t">Zion's herald (Boston, Mass. : 1833)</subfield><subfield code="w">(DLC)   00221148</subfield><subfield code="w">(OCoLC)6639492</subfield></datafield><datafield ind1="4" ind2="1" tag="856"><subfield code="u">http://gateway.proquest.com/openurl?url_ver=Z39.88-2004&amp;res_dat=xri:pqd::hnp&amp;rft_val_fmt=info:ofi/fmt:kev:mtx:journal&amp;rft_dat=xri:pqd:PMID=41745</subfield></datafield><datafield ind1=" " ind2=" " tag="938"><subfield code="a">Kirtas Technologies, Inc.</subfield><subfield code="b">KRTS</subfield><subfield code="n">854264</subfield></datafield></record>